<?xml version="1.0" encoding="UTF-8"?><collection xmlns="http://www.loc.gov/MARC21/slim"><record><leader>00399nam--2200133-i-4500</leader><controlfield tag="001">000014603</controlfield><controlfield tag="002">20161230</controlfield><controlfield tag="005">20161230201030</controlfield><controlfield tag="008">060222s1000------------r-----000-0-eng-d</controlfield><datafield ind1=" " ind2=" " tag="080"><subfield code="a">543.4:546.29(043)</subfield></datafield><datafield ind1=" " ind2=" " tag="100"><subfield code="a">Bartha, Johann Wolfgang</subfield></datafield><datafield ind1=" " ind2=" " tag="245"><subfield code="a">Bundung und anordnung von edelgasatomen auf der reinen si(111)-oberflache. dissertation</subfield></datafield><datafield ind1=" " ind2=" " tag="260"><subfield code="a">Stuttgart, Universitat, 1983 77 P</subfield></datafield><datafield ind1=" " ind2=" " tag="852"><subfield code="a">71513</subfield></datafield></record></collection>